% !TeX encoding = UTF-8
% !TeX spellcheck = en_US

@online{AGGWebsite,
	author = {Olga Runge},
	title = {{The Attributed Graph Grammar System: A Development Environment for Attributed Graph Transformation Systems}},
	year = {2017},
	note = {Available at \url{http://www.user.tu-berlin.de/o.runge/agg/}.
		Retrieved 2018-03-07.}
}

@online{AGGManual,
	author = {Olga Runge},
	title = {{The AGG 1.5.0 Development Environment.
	The User Manual}},
	year = {2006},
	note = {Availbale at \url{http://www.user.tu-berlin.de/o.runge/agg/AGG-ShortManual/AGG-ShortManual.html}.
		Retrieved 2018-03-07.}
}

@online{AToMPMDocs,
	author = {Eugene Syriani
		and Hans Vangheluwe
		and Raphael Mannadiar
		and Conner Hansen
		and Simon Van Mierlo
		and Huseyin Ergin
		and Jonathan Corley},
	title = {{AToMPM Documentation}},
	year = {2016},
	note = {Available at \url{https://msdl.uantwerpen.be/documentation/AToMPM/}.
		Retrieved 2018-03-07.}
}

@report{ComparisonAndEvaluationOfModelTransformationTools,
	author = {Nafiseh Kahani
		and James R. Cordy},
	title = {{Comparison and Evaluation of Model Transformation Tools}},
	year = {2015},
	note = {Available at \url{http://research.cs.queensu.ca/TechReports/Reports/2015-627.pdf}.
		Retrieved 2018-03-07.}
}

@online{ComparisonOfModelTransformationToolsWebsite,
	author = {Nafiseh Kahani
		and James R. Cordy},
	title = {{Comparison of Model Transformation Tools}},
	year = {2015},
	note = {Available at \url{http://www.mdetools.com/}.
		Retrieved 2018-03-07.}
}

@online{eMoflonWebsite,
	author = {Anthony Anjorin
		and Roland Kluge
		and Géza Kulcsar
		and Erhan Leblebici
		and Lars Fritsche
		and Gergely Varró},
	title = {{eMoflon - a tool for building tools}},
	year = {2017},
	note = {Available at \url{http://emoflon.org/}.
		Retrieved 2018-03-07.}
}

@online{eMoflonHandbook,
	author = {Anthony Anjorin
		and Roland Kluge
		and Géza Kulcsar
		and Erhan Leblebici
		and Lars Fritsche
		and Gergely Varró},
	title = {{An Introduction to Metamodelling and Graph Transformations with eMoflon}},
	year = {2017},
	note = {Available at  \url{https://github.com/eMoflon/emoflon-docu/releases/download/emoflon_2.32.0/eMoflonHandbook.pdf}.
		Retrieved 2018-03-07.}
}

@online{EMorFWebsite,
	author = {{Solunar GmbH}},
	title = {{EMorF documentation}},
	year = {2012},
	note = {Available at \url{http://www.emorf.org/doc.html}.
		Retrieved 2018-03-07.}
}

@inproceedings{GRAPE,
	author = {Jens H. Weber},
	title = {{GRAPE – A Graph Rewriting and Persistence
	Engine}},
	editor = {Juan de Lara
	and Detlef Plump},
	booktitle = {Proceedings of the 10\textsuperscript{th} International Conference (ICGT 2017), Marburg, Germany, July 18-19, 2007},
	pages = {209--220},
	publisher = {Springer International Publishing},
	address = {Cham},
	year = {2017},
	url = {https://link.springer.com/chapter/10.1007/978-3-319-61470-0_13},
	note = {Available at 	\url{https://link.springer.com/chapter/10.1007/978-3-319-61470-0_13}.}
}

@online{GRAPEWebsite,
	author = {Jens H. Weber},
	title = {{Grape - Graph Rewriting And Persistence Engine}},
	year = {2016},
	note = {Available at \url{https://jenshweber.github.io/grape/}
		Retrieved 2018-03-07.}
}

@online{GrGenUserManual,
	author = {Edgar Jakumeit
		and Jakob Blomer
		and Rubino Geiß},
	title = {{The GrGen.NET User Manual}},
	year = {2017},
	note = {Available at \url{http://www.info.uni-karlsruhe.de/software/grgen/GrGenNET-Manual.pdf}.
		Retrieved 2018-03-07.}
}

@online{GrGenWebsite,
	author = {Edgar Jakumeit
	and Jakob Blomer
	and Rubino Geiß},
	title = {{GrGen.NET}},
	year = {2017},
	note = {Available at \url{http://www.info.uni-karlsruhe.de/software/grgen/}.
		Retrieved 2018-03-07.}
}

@online{GrooveWebsite,
	author = {Arend Rensink
		and Maarten de Mol
		and Eduardo Zambon},
	title = {{GROOVE - GRaphs for Object-Oriented VErification}},
	year = {2017},
	note = {Available at \url{http://groove.cs.utwente.nl/}.
		Retrieved 2018-03-07.}
}

@online{HenshinEMFWebsite,
	author = {Kristopher Born
		and Frank Hermann
		and Timo Kehrer
		and Christian Krause
		and Daniel Strüber
		and Matthias Tichy},
	title = {{Henshin}},
	year = {2016},
	note = {Available at \url{https://www.eclipse.org/henshin/}.
		Retrieved 2018-03-07.}
}

@online{HenshinEMFWiki,
	author = {Kristopher Born
		and Frank Hermann
		and Timo Kehrer
		and Christian Krause
		and Daniel Strüber
		and Matthias Tichy},
	title = {{Henshin}},
	year = {2016},
	note = {Available at \url{https://wiki.eclipse.org/Henshin}.
		Retrieved 2018-03-07.}
}

@online{VIATRAWebsite,
	author = {Abel Hegedus
		and Daniel Varro
		and Istvan Rath
		and  Zoltan Ujhelyi},
	title = {{VIATRA 1.6 is out with Eclipse Oxygen}},
	year = {2017},
	note = {Available at \url{https://www.eclipse.org/viatra/}.
		Retrieved 2018-03-07.}
}

@online{UMLSpecification,
	author = {{Object Management Group}},
	title = {{About the Unified Modeling Language Specification Version 2.5}},
	year = {2015},
	note = {Available at \url{http://www.omg.org/spec/UML/}.
		Retrieved 2018-03-07.}
}

@online{HaanWhyMDE,
	author = {Johan den Haan},
	title = {{15 reasons why you should start using Model Driven Development}},
	year = {2009},
	note = {Available at \url{http://www.theenterprisearchitect.eu/blog/2009/11/25/15-reasons-why-you-should-start-using-model-driven-development/}.
		Retrieved 2018-03-07.}
}

@inproceedings{HerringMernikWhenAndHowDevelopDSLs,
	author = {Jan Heering
		and Marjan Mernik
		and Anthony M. Sloane},
	title = {{When and how to develop domain-specific languages}},
	booktitle = {ACM Computing Surveys (CSUR) Surveys Homepage archive Volume 37 Issue 4},
	pages = {316--344},
	publisher = {ACM},
	address = {New York},
	year = {2005},
	note = {Available at \url{http://citeseerx.ist.psu.edu/viewdoc/download?doi=10.1.1.84.4178&rep=rep1&type=pdf}.
		Retrieved 2018-03-07.}
}

@inproceedings{IncrementalGraphPatternMatching,
	author = {Gergely Varró
		and Daniel Varró
		and Andy Schürr},
	title = {{Incremental Graph Pattern Matching: Data Structures and Initial Experiments}},
	booktitle = {Proceedings of the Second International Workshop on Graph and Model Transformation (GraMoT 2006), Brighton, United Kingdom, September 8, 2006},
	publisher = {Electronic Communications of the EASST},
	address = {Berlin},
	year = {2006},
	note = {Available at \url{https://journal.ub.tu-berlin.de/eceasst/article/view/12/4}, detailed version with appendix: \url{http://www.cs.bme.hu/~gervarro/publication/IncrementalEngine.pdf}.
		Retrieved 2018-03-07.}
}

@inproceedings{EvaluationOfIncrementalPatternMatching,
	author = {Gábor Bergmann
		and {Ákos} Horváth
		and István Ráth
		and Dániel Varró},
	title = {{A Benchmark Evaluation of Incremental Pattern Matching in Graph Transformation}},
	editor = {Hartmut Ehrig
		and Reiko Heckel
		and Grzegorz Rozenberg
		and Gabriele Taentzer},
	booktitle = {Proceedings of the 4\textsuperscript{th} International Conference on Graph Transformations (ICGT 2008), Leicester, United Kingdom, September 7-13, 2008},
	pages = {396--410},
	publisher = {Springer},
	address = {Berlin, Heidelberg},
	year = {2008},
	note = {Available at \url{https://link.springer.com/chapter/10.1007/978-3-540-87405-8_27}.
		Retrieved 2018-03-07.}
}

@inproceedings{ModelTransformationsWithinWebApplications,
	author = {Sergejs Kozlovics},
	title = {{Models and Model Transformations Within Web Applications}},
	booktitle = {Proceedings of the 12\textsuperscript{th} International Baltic Conference (DB \& IS 2016), Riga, Latvia, July 4-6, 2016},
	pages = {53--67},
	publisher = {Springer International Publishing},
	address = {Cham},
	year = {2016},
	note = {Available at \url{https://link.springer.com/chapter/10.1007/978-3-319-40180-5_4}.
		Retrieved 2018-03-07.}
}

@report{BxTransformationsCrossDisciplinePerspective,
	author = {Krzysztof Czarnecki
		and J. Nathan Foster
		and Zhenjiang Hu
		and Ralf Lämmel
		and Andy Schürr
		and James F. Terwilliger},
	title = {{Bidirectional Transformations: A Cross-Discipline Perspective}},
	year = {2008},
	note = {Available at \url{http://www.cs.cornell.edu/~jnfoster/papers/grace-report.pdf}.
		Retrieved 2018-03-07.}
}

@report{KurtevXMLApplicationsWithModelTransformations,
	author = {Ivan Kurtev},
	title = {{Building adaptable and reusable XML applications with model transformations}},
	booktitle = {Proceedings of the 14\textsuperscript{th} international conference on World Wide Web, Chiba, Japan, May 10-14, 2005},
	pages = {160--169},
	year = {2005},
	note = {Available at \url{https://dl.acm.org/ft_gateway.cfm?id=1060772&ftid=314066&dwn=1&CFID=1012139749&CFTOKEN=52595033}.}
}

@book{FundamentalsOfAlgebraicGT,
	author = {Hartmut Ehrig
		and Karsten Ehrig
		and Ulrike Prange
		and Gabriele Taentzer},
	title = {{Fundamentals of Algebraic Graph Transformation}},
	publisher = {Springer-Verlag},
	address = {Berlin, Heidelberg},
	year = {2006}
}

@book{MDEVoelter,
	author = {Thomas Stahl and Markus Völter},
	title = {{Model-Driven Software Development}},
	publisher = {John Wiley \& Sons Ltd},
	address = {Chichester},
	year = {2006},
	note = {Available at \url{http://www.voelter.de/data/books/mdsd-en.pdf}.}
}

@thesis{ExploitingTheModularityOfTGGs,
	author = {Florian Stolte},
	title = {Exploiting the Modularity of Triple Graph Grammars via Incremental Pattern Matching Techniques},
	year = {2017},
	type = {Master's Thesis},
	institution = {Paderborn University},
	date = {October 2017}
}

@report{Democles,
	author = {Gergely Varró
		and Anthony Anjorin
		and Andy Schürr},
	title = {{Unification of Compiled and Interpreter-Based Pattern Matching Techniques}},
	year = {2012},
	note = {Available at \url{http://tuprints.ulb.tu-darmstadt.de/2922/1/29220.pdf}.}
}

@thesis{ConsistencyManagementViaCombinationOfTGGAndILP,
	author = {Nils Weidmann},
	title = {{Consistency Management via a Combination of Triple Graph Grammars and Integer Linear Programming}},
	year = {2018},
	type = {Master's Thesis},
	institution = {Paderborn University},
	date = {May 2018}
}

@online{eMoflonIBeX-GT-Handbook,
	author = {Anthony Anjorin
		and Patrick Robrecht},
	title = {{Unidirectional Model Transformation with eMoflon::IBeX}},
	year = {2018},
	note = {Available at \url{https://paper.dropbox.com/doc/siVjGl9SaMSuBnBYEv6cG}.}
}

@online{eMoflonIBeX-TGG-Handbook,
	author = {Anthony Anjorin},
	title = {{Bidirectional Model Transformation with eMoflon::IBeX}},
	year = {2018},
	note = {Available at \url{https://paper.dropbox.com/doc/GxyQmS2198CgxBhOCj8Hv}.}
}

@inproceedings{UsingGTforPuzzleGame,
	author = {David Priemer
		and Tobias George
		and Marcel Hahn
		and Lennert Raesch
		and Albert Zündorf},
	title = {{Using Graph Transformation for Puzzle Game Level Generation and Validation}},
	booktitle = {Proceedings of the 9\textsuperscript{th} International Conference (ICGT 2016), Vienna, Austria, July 5-6, 2016},
	publisher = {Springer International Publishing},
	address = {Cham},
	year = {2016},
	pages = {223--235},
	note = {Available at \url{https://link.springer.com/content/pdf/10.1007%2F978-3-319-40530-8_14.pdf}.
		Retrieved 2018-05-26.}
}

@inproceedings{TGGs,
	author = {Andy Schürr},
	title = {{Specification of Graph Translators with Triple Graph Grammars}},
	booktitle = {Proceedings of the 20\textsuperscript{th} International Workshop on Graph-Theoretic Concepts in Computer Science (WG '94), Herrsching, Germany, June 16-18, 1994},
	pages = {151--163},
	publisher = {Springer-Verlag},
	address = {Berlin, Heidelberg},
	year = {1995},
	note = {Available at \url{http://citeseerx.ist.psu.edu/viewdoc/download?doi=10.1.1.457.5219&rep=rep1&type=pdf}.
		Retrieved 2018-05-26.},
}

@online{SurveyOfModelTransformationApproaches,
	author = {Krzysztof Czarnecki
		and Simon Helsen},
	title = {{Feature-Based Survey of Model Transformation Approaches}},
	year = {2006},
	note = {Available at \url{https://pdfs.semanticscholar.org/7eca/ca8db190608dc4482999e19b1593cc6ad4e5.pdf}.
		Retrieved 2018-05-26.},
}

@inproceedingsss{AttributedGraphTransformationViaRuleSchemata,
	author = {Ivaylo Hristakiev
		and Detlef Plump},
	title = {{Attributed Graph Transformation via Rule Schemata: Church-Rosser Theorem}},
	booktitle = {Proceedings of the STAF 2016 Collocated Workshops: DataMod, GCM, HOFM, MELO, SEMS, VeryComp, Vienna, Austria, July 4-8, 2016},
	pages = {145--160},
	publisher = {Springer International Publishing},
	address = {Cham},
	year = {2016},
	note = {Available at \url{https://link.springer.com/book/10.1007/978-3-319-50230-4}.
		Retrieved 2018-07-02.}
}

@inproceedings{ComplexAttributeManipulationInTGGs,
	author = {Anthony Anjorin and Gergely Varró and Andy Schürr},
	title = {{Complex Attribute Manipulation in TGGs with Constraint-Based Programming Techniques}},
	editor = {Frank Hermann and Janis Voigtländer},
	booktitle = {Proceedings of the 1\textsuperscript{st} International Workshop on Bidirectional Transformations (BX 2012), Tallinn, Estonia, March 25, 2012},
	year = {2012},
	note = {Available at \url{https://pdfs.semanticscholar.org/b500/bf90a2d00040894da69c876eafe64ed20602.pdf}.
		Retrieved 2018-07-02},
}

@inproceedings{HandbookOfGraphGrammars1997,
	author = {H. Ehrig
		and R. Heckel
		and M. Korff
		and M. Löwe
		and L. Ribeiro
		and A. Wagner
		and A. Corradini},
	title = {{Algebraic Approaches to Graph Transformation -- Part II: Single Pushout Approach and Comparison with Double Pushout Approach}},
	editor = {Grzegorz Rozenberg},
	booktitle = {Handbook of Graph Grammars and Computing by Graph Transformation -- Volume 1},
	pages = {247--312},
	publisher = {Worlds Scientific Publishing Co. Pte. Ltd.},
	address = {Singapore},
	year = {1997},
}

@inproceedings{SurveyReactiveProgramming,
	author = {Engineer Bainomugisha
		and Andoni Lombide Carreton
		and Tom van Cutsem
		and Stijn Mostinckx
		and Wolfgang de Meuter},
	title = {{A Survey on Reactive Programming}},
	booktitle = {ACM Computing Surveys (CSUR), Volume 45 Issue 4, August 2013},
	year = {2013},
	publisher = {ACM},
	address = {New York},
	note = {Available at \url{http://soft.vub.ac.be/Publications/2012/vub-soft-tr-12-13.pdf}.
		Retrieved 2018-07-06}, 
}
